<record><leader>00000cas a22000007a 4500</leader><controlfield tag="001">12442050</controlfield><controlfield tag="008">850830d18321847pauwr ne      0    0eng d</controlfield><datafield ind1=" " ind2=" " tag="010"><subfield code="a">sn 86081069 </subfield></datafield><datafield ind1=" " ind2=" " tag="040"><subfield code="a">NPH</subfield><subfield code="b">eng</subfield><subfield code="c">NPH</subfield><subfield code="d">DLC</subfield><subfield code="d">NPX</subfield><subfield code="d">NPH</subfield><subfield code="d">CNW</subfield><subfield code="d">OCL</subfield><subfield code="d">OCLCF</subfield><subfield code="d">OCLCO</subfield></datafield><datafield ind1=" " ind2=" " tag="042"><subfield code="a">msc</subfield></datafield><datafield ind1="0" ind2="4" tag="245"><subfield code="a">The Star and Republican banner.</subfield></datafield><datafield ind1="0" ind2="3" tag="246"><subfield code="a">A. M. star and Republican banner</subfield></datafield><datafield ind1="0" ind2="3" tag="246"><subfield code="a">A.M. star &amp; Republican banner</subfield><subfield code="f">Apr. 10-June 19, 1832</subfield></datafield><datafield ind1="0" ind2="3" tag="246"><subfield code="a">Republican banner</subfield><subfield code="f">Nov. 4-Dec. 16, 1834</subfield></datafield><datafield ind1="0" ind2="3" tag="246"><subfield code="a">Star &amp; Republican banner</subfield><subfield code="f">Dec. 23, 1834-Dec. 18, 1838</subfield></datafield><datafield ind1="0" ind2="3" tag="246"><subfield code="a">Gettysburg star and Republican banner</subfield><subfield code="f">Dec. 25, 1838-Feb. 19, 1839</subfield></datafield><datafield ind1=" " ind2=" " tag="260"><subfield code="a">Gettysburg, Pa. :</subfield><subfield code="b">R.W. Middleton,</subfield><subfield code="c">1832-1847.</subfield></datafield><datafield ind1=" " ind2=" " tag="300"><subfield code="a">16 v.</subfield></datafield><datafield ind1=" " ind2=" " tag="310"><subfield code="a">Weekly</subfield></datafield><datafield ind1="0" ind2=" " tag="362"><subfield code="a">Vol. 3, no. 1 (Apr. 10, 1832)-v. 18, no. 10 (May 14 [i.e. 21] 1847).</subfield></datafield><datafield ind1=" " ind2=" " tag="500"><subfield code="a">Published as: Republican banner, Nov. 4-Dec. 16, 1834; Star &amp; Republican banner, Dec. 23, 1834-Dec. 18, 1838; Gettysburg star and Republican banner, Dec. 25, 1838-Feb. 19, 1839.</subfield></datafield><datafield ind1=" " ind2=" " tag="500"><subfield code="a">"Anti-Masonic," &lt;1836&gt;.</subfield></datafield><datafield ind1=" " ind2=" " tag="515"><subfield code="a">Issues for &lt;Dec. 28, 1835&gt; called also &lt;whole no. 299&gt;.</subfield></datafield><datafield ind1=" " ind2=" " tag="500"><subfield code="a">Editor: Robert W. Middleton, &lt;1836&gt;.</subfield></datafield><datafield ind1=" " ind2="0" tag="651"><subfield code="a">Gettysburg (Pa.)</subfield><subfield code="v">Newspapers.</subfield></datafield><datafield ind1=" " ind2="7" tag="655"><subfield code="a">Newspapers.</subfield><subfield code="2">fast</subfield><subfield code="0">(OCoLC)fst01423814</subfield></datafield><datafield ind1=" " ind2="7" tag="651"><subfield code="a">Pennsylvania</subfield><subfield code="z">Gettysburg.</subfield><subfield code="2">fast</subfield><subfield code="0">(OCoLC)fst01214261</subfield></datafield><datafield ind1=" " ind2=" " tag="752"><subfield code="a">United States</subfield><subfield code="b">Pennsylvania</subfield><subfield code="c">Adams</subfield><subfield code="d">Gettysburg.</subfield></datafield><datafield ind1="0" ind2="0" tag="780"><subfield code="t">Star, and Adams County Republican banner</subfield><subfield code="w">(DLC)sn 85055084</subfield></datafield><datafield ind1="0" ind2="0" tag="785"><subfield code="t">Star and banner</subfield><subfield code="w">(DLC)sn 85038381</subfield></datafield></record>